
@article{swebyHighResolutionSchemes1984,
  title = {High {{Resolution Schemes Using Flux Limiters}} for {{Hyperbolic Conservation Laws}}},
  author = {Sweby, P. K.},
  year = {1984},
  month = oct,
  volume = {21},
  pages = {995--1011},
  issn = {0036-1429, 1095-7170},
  doi = {10.1137/0721062},
  file = {/home/mivkov/Zotero/storage/N2DM84L6/Sweby_1984_High Resolution Schemes Using Flux Limiters for Hyperbolic Conservation Laws.pdf},
  journal = {SIAM Journal on Numerical Analysis},
  language = {en},
  number = {5}
}

@book{leveque_2002, 
    place={Cambridge}, 
    series={Cambridge Texts in Applied Mathematics}, 
    title={Finite Volume Methods for Hyperbolic Problems}, 
    DOI={10.1017/CBO9780511791253},
    publisher={Cambridge University Press},
    author={LeVeque, Randall J.}, 
    year={2002}, 
    collection={Cambridge Texts in Applied Mathematics}
}

@book{Toro,
      author        = "Toro, Eleuterio F",
      title         = "{Riemann solvers and numerical methods for fluid dynamics:
                       a practical introduction; 2nd ed.}",
      publisher     = "Springer",
      address       = "Berlin",
      year          = "1999",
      url           = "http://cds.cern.ch/record/404378",
}
