@book{leveque_2002, 
    place={Cambridge}, 
    series={Cambridge Texts in Applied Mathematics}, 
    title={Finite Volume Methods for Hyperbolic Problems}, 
    DOI={10.1017/CBO9780511791253}, 
    publisher={Cambridge University Press}, 
    author={LeVeque, Randall J.}, 
    year={2002}, 
    collection={Cambridge Texts in Applied Mathematics}
}
@book{Toro,
      author        = "Toro, Eleuterio F",
      title         = "{Riemann solvers and numerical methods for fluid dynamics:
                       a practical introduction; 2nd ed.}",
      publisher     = "Springer",
      address       = "Berlin",
      year          = "1999",
      url           = "http://cds.cern.ch/record/404378",
}

